@InCollection{church-turing,
	author    = {B. Jack Copeland},
	title     = {The Church-Turing Thesis},
	booktitle = {The Stanford Encyclopedia of Philosophy},
	editor    = {Edward N. Zalta},
	year      = {Fall 2002}
	note      = {\url{http://plato.stanford.edu/archives/fall2002/
		entries/church-turing/}},
}

@Misc{singh-intro,
	author = {Amit Singh},
	title  = {An Introduction to Virtualization},
	year   = {1994-2006},
	note   = {\url{http://www.kernelthread.com/publications/virtualization/}},
}

@TechReport{denali,
	author      = {Andrew Whitaker/Marianne Shaw/Steven D. Gribble},
	title       = {Denali: Lightweight Virtual Machines for Distributed
		and Networked Applications},
	institution = {University of Washington},
	year        = {2002},
	note        = {\url{http://denali.cs.washington.edu/pubs/distpubs/
		papers/denali_usenix2002.pdf}},
}

@TechReport{ema101,
	author      = {Andi Mann},
	title       = {Virtualization 101: Technologies, Benefits, and Challanges},
	institution = {Enterprise Management Associates},
	year        = {2006},
	note        = {\url{http://www.emausa.com/web/
		EMA_Virtualization_WP-0806.pdf}},
}

@Misc{wp-iss,
	author = {Wikipedia},
	title  = {Instruction Set Simulator -- Wikipedia, The Free Encyclopedia},
	year   = {Feb 2007},
	note   = {\url{http://en.wikipedia.org/wiki/Instruction_Set_Simulator}}
}

@Misc{wp-native-virt,
	author = {Wikipedia},
	title  = {Instruction Set Simulator -- Wikipedia, The Free Encyclopedia},
	year   = {Feb 2007},
	note   = {\url{http://en.wikipedia.org/wiki/Native_virtualization}}
}

@Misc{wp-os-virt,
	author = {Wikipedia},
	title  = {Instruction Set Simulator -- Wikipedia, The Free Encyclopedia},
	year   = {2007},
	note   = {\url{http://en.wikipedia.org/wiki/
		Operating_system-level_virtualization}}
}

@Misc{emu-vs-simu,
	author = {Ed Thelen},
	title  = {Emulation/Simulation},
	year   = {2007},
	note   = {\url{http://ed-thelen.org/comp-hist/emulation.html}}
}

@Misc{vmware-intro,
	author = {VMWare Inc.},
	title  = {Intro to Virtualization},
	year   = {2007},
	note   = {\url{http://www.vmware.com/virtualization/}}
}

@Book{tannenbaum-osdesign,
	author    = {Andrew S. Tannenbaum},
	title     = {Operating Systems Design and Implementation},
	publisher = {Prentice Hall},
	year      = {2006}
}